@book{rustbook2024,
  title={The Rust Programming Language},
  author={Klabnik, Steve and Nichols, Carol and Krycho, Chris},
  year={2024},
  publisher={No Starch Press}
}

@misc{rust-benchmark,
  author = {Techempower},
  title = {Web Framework Benchmarks},
  year = {2022},
  month = {07},
  day = {19},
  note = {Accedido el 10/04/2025 en \href{https://www.techempower.com/benchmarks/\#section=data-r21&test=composite&hw=ph}{link}},
}

@misc{scrum-guide,
  author = {Schwaber, Ken and Sutherland, Jeff},
  title = {The 2020 Scrum Guide},
  year = {2020},
  howpublished = {\href{https://www.scrumguides.org/scrum-guide.html}{Link}},
  note = {Accedido el 10/04/2025 en \href{https://www.scrumguides.org/scrum-guide.html}{link}},
}

@misc{rust-hexagonal-architecture,
  author = {Morrison, Angus},
  title = {Master hexagonal architecture in Rust},
  year = {2024},
  month = {12},
  day = {9},
  note = {Accedido el 06/04/2025 en \href{https://www.howtocodeit.com/articles/master-hexagonal-architecture-rust}{link}},
}

@misc{lynx-article,
  author = {Xuan Huang and Lynx Team},
  title = {Lynx: Unlock Native for More},
  year = {2025},
  month = {3},
  note = {Accedido el 12/05/2025 en \href{https://lynxjs.org/blog/lynx-unlock-native-for-more.html}{link}},
}

@misc{lynx-native-modules,
  author = {Lynx-Team},
  title = {Native Modules},
  year = {2025},
  month = {3},
  note = {Accedido el 12/05/2025 en \href{https://lynxjs.org/guide/use-native-modules\#platform=android}{link}},
}

@misc{meichthys2024,
  author = {meichthys},
  title = {Free and OpenSource Photo Libraries},
  year = {2025},
  howpublished = {\href{https://github.com/meichthys/foss_photo_libraries}{Repositorio GitHub}},
  note = {Accedido el 10/05/2025 en \href{https://github.com/meichthys/foss_photo_libraries}{Link}},
  publisher = {GitHub},
}

@book{uncle-bob-clean-architecture,
  author = {Robert C. Martin},
  title = {Clean Architecture: A Craftsman's Guide to Software Structure and Design},
  year = {2017},
  publisher = {Pearson},
  isbn = {978-0134494166}
}

@inproceedings{rust-for-safety-and-performance,
  title = {Rust: The Programming Language for Safety and Performance},
  booktitle = {IGSCONG'22},
  author = {Bugden, William and Alahmar, Ayman},
  organization = {Lakehead University},
  year = {2022},
  month = {6},
}

@inproceedings{tsechelidis2023modular,
  author    = {Tsechelidis, M. and Nikolaidis, N. and Maikantis, T. and Ampatzoglou, A.},
  title     = {Modular Monoliths the way to Standardization},
  booktitle = {Proceedings of the 3rd Eclipse Security, AI, Architecture and Modelling Conference on Cloud to Edge Continuum},
  year      = {2023},
  month     = {10},
  pages     = {49--52}
}

@misc{go-documentation,
  title = {Documentación de Go},
  year = {2025},
  month = {5},
  note = {Accedido el 10/05/2025 en \href{https://go.dev/ref}{link}},
}

@article{communicating-sequential-processes,
  author  = {C. A. R. Hoare},
  title   = {Communicating Sequential Processes},
  journal = {Communications of the ACM},
  year    = {1978},
  volume  = {21},
  number  = {8},
  pages   = {666--677}
}

@misc{immich-documentation,
    title = {Documentación de Immich},
    year = {2025},
    month = {5},
    note = {Accedido el 10/05/2025 en \href{https://immich.app/docs/overview/welcome/}{link}},
}

@misc{photoprism-documentation,
    title = {Documentación de PhotoPrism},
    year = {2025},
    month = {5},
    note = {Accedido el 10/05/2025 en \href{https://docs.photoprism.app/}{link}},
}

@misc{ente-documentation,
    title = {Documentación de Ente},
    year = {2025},
    month = {5},
    note = {Accedido el 10/05/2025 en \href{https://docs.photoprism.app/}{link}},
}
@misc{react-native-documentation,
    title = {Documentación de React Native},
    year = {2025},
    month = {5},
    note = {Accedido el 13/05/2025 en \href{https://reactnative.dev/}{link}},
}
@misc{flutter-documentation,
    title = {Documentación de Flutter},
    year = {2025},
    month = {5},
    note = {Accedido el 13/05/2025 en \href{https://docs.flutter.dev/}{link}},
}
@misc{pwa-documentation,
    title = {Documentación de Progressive Web Apps (PWA)},
    year = {2025},
    month = {5},
    note = {Accedido el 13/05/2025 en \href{https://developer.mozilla.org/en-US/docs/Web/Progressive_web_apps}{link}},
}
@misc{lynx-documentation,
    title = {Documentación de Lynx},
    year = {2025},
    month = {5},
    note = {Accedido el 13/05/2025 en \href{https://lynxjs.org/guide/start/quick-start.html}{link}},
}

@misc{scrum-diagram,
    author = {Abad, Jorge},
    title = {Diagrama Explicativo de Scrum - Guía 2020},
    year = {2023},
    month = {09},
    note = {Accedido el 14/05/2025 en \href{https://www.lecciones-aprendidas.info/2023/09/diagrama-explicativo-scrum-guia-2020.html}{link}}
}

@misc{danielsson2016reactnative,
  author = {Danielsson, W.},
  title = {React Native application development: A comparison between native Android and React Native},
  year = {2016}
}

@article{tandel2018impact,
  author  = {Tandel, S. and Jamadar, A.},
  title   = {Impact of progressive web apps on web app development},
  journal = {International Journal of Innovative Research in Science, Engineering and Technology},
  year    = {2018},
  volume  = {7},
  number  = {9},
  pages   = {9439--9444}
}
